@mastersthesis{bonneau2013a,
  author       = {Philippe Bonneau}, 
  title        = {Proposition d'une méthode synthèse de conception et de réalisation d'outil pédagogique en ligne / par Philippe Bonneau},
  school       = {Université de Sherbrooke},
  year         = 2013,
  howpublished = "\url{http://philippebonneau.net/wp-content/uploads/maitrise/PropositionMethodeBonneau13-08-05.pdf}",
}
@article{retalis1997a,
  title={A courseware development methodology for Open and Distance Learning},
  author={Retalis, S},
  journal={Proc. CAISE’97},
  year={1997},
  publisher={Citeseer}
}
@book{smith2006a,
  title={Web-based instruction: A guide for libraries},
  author={Smith, Susan Sharpless},
  year={2006},
  publisher={American Library Association}
}
@inproceedings{pohl2004a,
  title={Guidelines for E-learning-Advantages and Disadvantages},
  author={Pohl, Margit},
  booktitle={World Conference on Educational Multimedia, Hypermedia and Telecommunications},
  volume={2004},
  number={1},
  pages={4827--4830},
  year={2004}
}
@article{koch1999a,
  title={A comparative study of methods for hypermedia development},
  author={Koch, Nora},
  journal={Ludwing-Maximilians-Universitat Munich, Institute of Computer Science},
  year={1999},
  publisher={Citeseer}
}
@inproceedings{armani2004a,
  title={Integrating instructional design and hypermedia design},
  author={Armani, Jacopo and Botturi, Luca and Cantoni, Ignazio and Di Benedetto, Maria and Garzotto, Franca},
  booktitle={Proceedings of EDMEDIA 2004, Lugano, Switzerland},
  volume={1},
  pages={1713},
  year={2004}
}
@article{frey2010a,
  title={A model for developing multimedia learning projects},
  author={Frey, Brabara and Sutton, Jann Marie},
  journal={Journal of Online Learning and Teaching},
  volume={6},
  number={2},
  pages={491},
  year={2010},
  publisher={Multimedia Educational Resource for Learning and Online Teaching (MERLOT)}
}
@article{escalona2002a,
  title={Methodologies to develop web information systems and comparative analysis},
  author={Escalona, M Jos{\'e} and Mej{\'\i}as, Manuel and Torres, Jes{\'u}s},
  journal={Informatik/Informatique. n{\'u}m. de I/I},
  volume={3},
  number={2},
  year={2002}
}
@inproceedings{lang2003a,
  title={Hypermedia systems development: a comparative study of software engineers and graphic designers},
  author={Lang, Michael},
  year={2003},
  organization={AIS}
}
@article{escalona2004a,
  title={Requirements engineering for web applications-a comparative study},
  author={Escalona, M. Jose and Koch, Nora},
  journal={J. Web Eng.},
  volume={2},
  number={3},
  pages={193--212},
  year={2004}
}
@article{mendes2003a,
  title={A comparative study of cost estimation models for web hypermedia applications},
  author={Mendes, Emilia and Watson, Ian and Triggs, Chris and Mosley, Nile and Counsell, Steve},
  journal={Empirical Software Engineering},
  volume={8},
  number={2},
  pages={163--196},
  year={2003},
  publisher={Springer}
}

@inproceedings{mankoff2005a,
  title={Is your web page accessible?: a comparative study of methods for assessing web page accessibility for the blind},
  author={Mankoff, Jennifer and Fait, Holly and Tran, Tu},
  booktitle={Proceedings of the SIGCHI conference on Human factors in computing systems},
  pages={41--50},
  year={2005},
  organization={ACM}
}